% So sieht der Biblatex Eintag für eine Abschlussarbeit aus:
@thesis{ma-sebastian,
author = {Müller, Sebastian},
title = {Clear Sight in Cherenkov-Astronomy},
subtitle = {Investigations of Reflector Geometry and Mirror Alignment for the FACT-Telescope},
year = {2014},
type = {Masterarbeit},
school = {TU Dortmund}
}

@thesis{mads,
author = {Jørgensen, M.},
title = {Driven Problems in Quantum and Classical Mechanics with Floquet Theory},
year = {2015},
type = {Bachelorarbeit},
school = {University of Copenhagen}
}






% ein Lehrbuch:
@book{kuypers,
    author = {Kuypers, Friedhelm},
    title = {Klassische Mechanik},
    year = {2010},
    publisher = {Wiley-VCH},
    series = {9. Auflage}
}
@book{haengi,
    author = {P. Hänggi and T. Dittrich and G. L. Ingold and B. Kramer and G.Schön and W. Zwerger},
    title = {Quantum Transport and Dissipation},
    year = {1998},
    publisher = {Wiley-VCH},
    chapter = {5},
    series  = {1. Auflage}
}


@BOOK{handbook_adhesives,
  editor =       {Satas, D.},
  TITLE =        {Handbook of pressure sensitive adhesive technology},
  PUBLISHER =    {Van Nostrand Reinhold},
  YEAR =         {1989},
  address =      {New York},
  edition =      {2nd},
}






% Ein in einem Journal veröffentlichter Artikel (Paper):
@article{pdg,
      author         = "Beringer, J. and others",
      title          = "{Review of Particle Physics (RPP)}",
      collaboration  = "Particle Data Group",
      journal        = "Phys.Rev.",
      volume         = "D86",
      pages          = "010001",
      doi            = "10.1103/PhysRevD.86.010001",
      year           = "2012",
      SLACcitation   = "%%CITATION = PHRVA,D86,010001;%%",
}


@ARTICLE{einstein,
  author = {Einstein, A.},
  title = {A Generalization of the relativistic theory of Gravitation},
  journal = {Annals of Mathematics},
  year = {1945},
  volume = {46},
  pages = {578-584},
  number = {4}
  }

@ARTICLE{sherly,
  author = {Shirley, J.},
  title = {Solution of the Schrödinger Equation with a Hamiltonian Periodic in Time},
  journal = {Phys. Rev.},
  year = {1965},
  volume = {138},
  pages = {979-987},
	doi		= {10.1103/PhysRev.138.B979},	
  number = {4B}
  }

@ARTICLE{husimi,
  author = {Husimi, K.},
  title = {Miscellanea in Elementary Quantum Mechanics,II},
  journal = {Prog. Theor. Phys.},
  year = {1953},
  volume = {9},
  pages = {381-402},
  doi    = "10.1143/ptp/9.4.381",
  number = {4}
  }

@ARTICLE{hellmann,
  author={A. G. Fainshtein and N. L. Manakov and L. P. Rapoport},
  title={Some general properties of quasi-energetic spectra of quantum systems in classical monochromatic fields},
  journal={J. Phys. B},
  volume={11},
  number={14},
  pages={2561},
  year={1978}
}

@ARTICLE{arxiv,
   author = {R. M. McDermott and I. H. Redmount},
    title = {Coupled Classical and Quantum Oscillators},
  journal = {eprint arXiv:quant-ph/0403184},
 keywords = {Quantum Physics},
     year = 2004,
    month = mar,
		note  = {Zugriff am: 03.08.18},
   adsurl = {http://adsabs.harvard.edu/abs/2004quant.ph..3184M},
  adsnote = {Provided by the SAO/NASA Astrophysics Data System}
}


% eine Internet Quelle
@MANUAL{siunitx,
    title   = {siunitx - A comprehensive (SI) units package},
    url = {http://mirror.selfnet.de/tex-archive/macros/latex/contrib/siunitx/siunitx.pdf},
    date = {2013},
    author = {Wright, Joseph}
}
@MANUAL{koma,
    title   = {KOMA -Script},
    subtitle = {ein wandelbares LaTeX-Paket},
    url = {http://mirror.selfnet.de/tex-archive/macros/latex/contrib/koma-script/doc/scrguide.pdf},
    date = {2013},
    author = {Kohm, Markus and Morawski, Jens-Uwe}
}
@MANUAL{biblatex,
    title   = {The Biblatex Package},
    subtitle = {Programmable Bibliographies and Citations},
    url = {ftp://ftp.fu-berlin.de/tex/CTAN/macros/latex/contrib/biblatex/doc/biblatex.pdf},
    date = {2014},
    author = {Lehman, Philipp and others}
}
@ELECTRONIC{make,
    title   = {Gnu-Make Homepage},
    url = {http://www.gnu.org/software/make/},
    date = {2014},
}
@ELECTRONIC{toolbox,
    title   = {Pep et al.\ Toolbox -- \LaTeX-Folien},
    url = {http://toolbox.pep-dortmund.org/files/archive/2014/latex.pdf},
    date = {2014},
}
@ELECTRONIC{gitbash,
    title   = {Git Bash - Download},
    url = {http://msysgit.github.io/},
    date = {2014},
}
@ELECTRONIC{pleser,
    title   = {Modern Packages for LaTeX},
    url = {http://philippleser.de/physics/latex},
    date = {2014},
    author = {Leser, Philipp}
}
@MANUAL{l2tabu,
    title   = {Das LATEX2ε-Sündenregister},
    author = {Ensenbach, Marc and Trettin, Mark},
    url = {ftp://ftp.mpi-sb.mpg.de/pub/tex/mirror/ftp.dante.de/pub/tex/info/l2tabu/german/l2tabu.pdf},
    date = {2011},
}
@ELECTRONIC{texmaker,
    title   = {Texmaker},
    subtitle =  {The universal LaTeX editor, Downloads},
    url = {http://www.xm1math.net/texmaker/download.html},
    date = {2014},
}
